<record><leader>00000cas a22000007a 4500</leader><controlfield tag="001">22607649</controlfield><controlfield tag="008">901030d18741886nhumr ne      0    0eng d</controlfield><datafield ind1=" " ind2=" " tag="010"><subfield code="a">sn 90062485 </subfield></datafield><datafield ind1=" " ind2=" " tag="040"><subfield code="a">NVH</subfield><subfield code="b">eng</subfield><subfield code="c">NVH</subfield><subfield code="d">OCLCQ</subfield><subfield code="d">UAB</subfield><subfield code="d">OCLCO</subfield></datafield><datafield ind1=" " ind2=" " tag="042"><subfield code="a">msc</subfield></datafield><datafield ind1="0" ind2=" " tag="130"><subfield code="a">Our mutual friend (Manchester, N.H.)</subfield></datafield><datafield ind1="1" ind2="0" tag="245"><subfield code="a">Our mutual friend.</subfield></datafield><datafield ind1=" " ind2=" " tag="260"><subfield code="a">Manchester, N.H. :</subfield><subfield code="b">[s.n.]</subfield></datafield><datafield ind1=" " ind2=" " tag="300"><subfield code="a">v.</subfield></datafield><datafield ind1=" " ind2=" " tag="310"><subfield code="a">Monthly</subfield></datafield><datafield ind1="1" ind2=" " tag="362"><subfield code="a">Began in 1874; ceased in 1886?</subfield></datafield><datafield ind1=" " ind2=" " tag="588"><subfield code="a">Description based on: Vol. 1, no. 3 (May, 1874).</subfield></datafield><datafield ind1="2" ind2="0" tag="610"><subfield code="a">Kennedy's Eagle Clothing House</subfield><subfield code="v">Periodicals.</subfield></datafield><datafield ind1=" " ind2="0" tag="650"><subfield code="a">Advertising</subfield><subfield code="x">Clothing and dress</subfield><subfield code="z">New Hampshire</subfield><subfield code="z">Manchester</subfield><subfield code="v">Periodicals.</subfield></datafield><datafield ind1=" " ind2=" " tag="752"><subfield code="a">United States</subfield><subfield code="b">New Hampshire</subfield><subfield code="c">Hillsborough</subfield><subfield code="d">Manchester.</subfield></datafield></record>